@article{RN569,
   author = {Bertsch, G. F. and Bingham, D.},
   title = {Estimating Parameter Uncertainty in Binding-Energy Models by the Frequency-Domain Bootstrap},
   journal = {Phys Rev Lett},
   volume = {119},
   number = {25},
   pages = {252501},
   ISSN = {1079-7114 (Electronic)
0031-9007 (Linking)},
   DOI = {10.1103/PhysRevLett.119.252501},
   url = {https://www.ncbi.nlm.nih.gov/pubmed/29303311},
   year = {2017},
   type = {Journal Article}
}

@article{RN570,
   author = {Efron, B.},
   title = {1977 Rietz Lecture - Bootstrap Methods - Another Look at the Jackknife},
   journal = {Annals of Statistics},
   volume = {7},
   number = {1},
   pages = {1-26},
   ISSN = {0090-5364},
   DOI = {DOI 10.1214/aos/1176344552},
   url = {<Go to ISI>://WOS:A1979GL00300001},
   year = {1979},
   type = {Journal Article}
}

@inbook{RN572,
   author = {Kreiss, Jens-Peter and Lahiri, Soumendra Nath},
   title = {1 - Bootstrap Methods for Time Series},
   booktitle = {Handbook of Statistics},
   editor = {Subba Rao, Tata and Subba Rao, Suhasini and Rao, C. R.},
   publisher = {Elsevier},
   volume = {30},
   pages = {3-26},
   ISBN = {0169-7161},
   DOI = {https://doi.org/10.1016/B978-0-444-53858-1.00001-6},
   url = {http://www.sciencedirect.com/science/article/pii/B9780444538581000016},
   year = {2012},
   type = {Book Section}
}

@article{RN560,
   author = {Mouze, G. and Rocaboy, A.},
   title = {Does a neutron-proton pairing energy exist?},
   journal = {Il Nuovo Cimento A},
   volume = {109},
   number = {5},
   pages = {527-540},
   ISSN = {0369-3546
1826-9869},
   DOI = {10.1007/bf02731135},
   year = {1996},
   type = {Journal Article}
}

@article{RN1176,
   author = {Heyde, Kristiaan and Isacker, Piet},
   title = {Exactly solvable models of nuclei},
   journal = {Scholarpedia},
   volume = {9},
   number = {2},
   ISSN = {1941-6016},
   DOI = {10.4249/scholarpedia.31279},
   url = {https://doi.org/10.4249/scholarpedia.31279},
   year = {2014},
   type = {Journal Article}
}

